@article{Ponulak2011,
  author="Filip Ponulak, Andrzej Kasi≈Ñski",
  title="Introduction to spiking neural networks: Information processing, learning and applications",
  journal="Acta Neurobiogiae experimentalis",
  year="2011",
}

@article{Perrinet2004,
  author="Laurent Perrinet, Manuel Samuelidesa, Simon Thorpeb",
  title="Sparse spike coding in an asynchronous feed-forward multi-layer neural network using matching pursuit",
  journal="Neurocomputing",
  year="2004"
}

@article{Wang2008,
  author="Xiao-Jing Wang",
  title="Decision Making in Recurrent Neuronal Circuits",
  journal="Neuron",
  year="2008"
}

@misc{Markram97,
  author="Markram et al",
  howpublished = "\url{http://nba.uth.tmc.edu/homepage/shouval/Assets/other/STDP%20Linear%20superposition.pdf}",
  year="1997",
}

@misc{Knudsen94,
  author="Eric L. Knudsen",
  howpublished = "\url{http://www.jneurosci.org/content/14/7/3985.full.pdf}",
  year="1997",
}